@inproceedings{roux2008topmoumoute,
  title={Topmoumoute online natural gradient algorithm},
  author={Roux, Nicolas L and Manzagol, Pierre-Antoine and Bengio, Yoshua},
  booktitle={Advances in neural information processing systems},
  pages={849--856},
  year={2008}
}

@article{martens2014new,
  title={New insights and perspectives on the natural gradient method},
  author={Martens, James},
  journal={arXiv preprint arXiv:1412.1193},
  year={2014}
}

@misc{simon2012spectralradius,
  Author = {Foucart, Simon},
  Institution = {Drexel University},
  Howpublished = {University Lecture},
  Year = {2012},
  url = {http://www.math.drexel.edu/~foucart/TeachingFiles/F12/M504Lect6.pdf}
  Title = {Matrix Norm and Spectral Radius}
}

@article{hutter2011sequential,
  title={Sequential Model-Based Optimization for General Algorithm Configuration.},
  author={Hutter, Frank and Hoos, Holger H and Leyton-Brown, Kevin},
  journal={LION},
  volume={5},
  pages={507--523},
  year={2011},
  publisher={Springer}
}

@article{press2016using,
  title={Using the output embedding to improve language models},
  author={Press, Ofir and Wolf, Lior},
  journal={arXiv preprint arXiv:1608.05859},
  year={2016}
}

@article{xie2016aggregated,
  title={Aggregated residual transformations for deep neural networks},
  author={Xie, Saining and Girshick, Ross and Doll{\'a}r, Piotr and Tu, Zhuowen and He, Kaiming},
  journal={arXiv preprint arXiv:1611.05431},
  year={2016}
}

@inproceedings{leen1994optimal,
  title={Optimal stochastic search and adaptive momentum},
  author={Leen, Todd K and Orr, Genevieve B},
  booktitle={Advances in neural information processing systems},
  pages={477--484},
  year={1994}
}

@inproceedings{graepel2002stable,
  title={Stable adaptive momentum for rapid online learning in nonlinear systems},
  author={Graepel, Thore and Schraudolph, Nicol N},
  booktitle={International Conference on Artificial Neural Networks},
  pages={450--455},
  year={2002},
  organization={Springer}
}

@inproceedings{rehman2011effect,
  title={The effect of adaptive momentum in improving the accuracy of gradient descent back propagation algorithm on classification problems},
  author={Rehman, Mohammad Zubair and Nawi, Nazri Mohd},
  booktitle={International Conference on Software Engineering and Computer Systems},
  pages={380--390},
  year={2011},
  organization={Springer}
}

@article{hameed2016back,
  title={Back-propagation algorithm with variable adaptive momentum},
  author={Hameed, Alaa Ali and Karlik, Bekir and Salman, Mohammad Shukri},
  journal={Knowledge-Based Systems},
  volume={114},
  pages={79--87},
  year={2016},
  publisher={Elsevier}
}

@article{swanston1994simple,
  title={Simple adaptive momentum: new algorithm for training multilayer perceptrons},
  author={Swanston, DJ and Bishop, JM and Mitchell, Richard James},
  journal={Electronics Letters},
  volume={30},
  number={18},
  pages={1498--1500},
  year={1994},
  publisher={IET}
}

@inproceedings{ampazis2000levenberg,
  title={Levenberg-Marquardt algorithm with adaptive momentum for the efficient training of feedforward networks},
  author={Ampazis, Nikolaos and Perantonis, Stavros J},
  booktitle={Neural Networks, 2000. IJCNN 2000, Proceedings of the IEEE-INNS-ENNS International Joint Conference on},
  volume={1},
  pages={126--131},
  year={2000},
  organization={IEEE}
}

@article{qiu1992accelerated,
  title={Accelerated training of backpropagation networks by using adaptive momentum step},
  author={Qiu, G and Varley, MR and Terrell, TJ},
  journal={Electronics letters},
  volume={28},
  number={4},
  pages={377--379},
  year={1992},
  publisher={IET}
}

@article{gehring2017convolutional,
  title={Convolutional Sequence to Sequence Learning},
  author={Gehring, Jonas and Auli, Michael and Grangier, David and Yarats, Denis and Dauphin, Yann N},
  journal={arXiv preprint arXiv:1705.03122},
  year={2017}
}

@article{duchi2011adaptive,
  title={Adaptive subgradient methods for online learning and stochastic optimization},
  author={Duchi, John and Hazan, Elad and Singer, Yoram},
  journal={Journal of Machine Learning Research},
  volume={12},
  number={Jul},
  pages={2121--2159},
  year={2011}
}

@article{DBLP:journals/pvldb/ZhangR14,
  author    = {Ce Zhang and
               Christopher R{\'{e}}},
  title     = {DimmWitted: {A} Study of Main-Memory Statistical Analytics},
  journal   = {{PVLDB}},
  volume    = {7},
  number    = {12},
  pages     = {1283--1294},
  year      = {2014},
  url       = {http://www.vldb.org/pvldb/vol7/p1283-zhang.pdf},
  timestamp = {Tue, 12 Jul 2016 21:51:09 +0200},
  biburl    = {http://dblp.uni-trier.de/rec/bib/journals/pvldb/ZhangR14},
  bibsource = {dblp computer science bibliography, http://dblp.org}
}


@article{kingma2014adam,
  title={Adam: A method for stochastic optimization},
  author={Kingma, Diederik and Ba, Jimmy},
  journal={arXiv preprint arXiv:1412.6980},
  year={2014}
}

@inproceedings{sutskever2013importance,
  title={On the importance of initialization and momentum in deep learning},
  author={Sutskever, Ilya and Martens, James and Dahl, George and Hinton, Geoffrey},
  booktitle={Proceedings of the 30th international conference on machine learning (ICML-13)},
  pages={1139--1147},
  year={2013}
}

@article{polyak1964some,
  title={Some methods of speeding up the convergence of iteration methods},
  author={Polyak, Boris T},
  journal={USSR Computational Mathematics and Mathematical Physics},
  volume={4},
  number={5},
  pages={1--17},
  year={1964},
  publisher={Elsevier}
}

@inproceedings{martens2015optimizing,
  title={Optimizing Neural Networks with Kronecker-factored Approximate Curvature.},
  author={Martens, James and Grosse, Roger B},
  booktitle={ICML},
  pages={2408--2417},
  year={2015}
}

@inproceedings{nesterov1983method,
  title={A method of solving a convex programming problem with convergence rate O (1/k2)},
  author={Nesterov, Yurii},
  booktitle={Soviet Mathematics Doklady},
  volume={27},
  number={2},
  pages={372--376},
  year={1983}
}

@article{tieleman2012lecture,
  title={Lecture 6.5-rmsprop: Divide the gradient by a running average of its recent magnitude},
  author={Tieleman, Tijmen and Hinton, Geoffrey},
  journal={COURSERA: Neural networks for machine learning},
  volume={4},
  number={2},
  year={2012}
}

@article{sagun2016singularity,
  title={Singularity of the Hessian in Deep Learning},
  author={Sagun, Levent and Bottou, L{\'e}on and LeCun, Yann},
  journal={arXiv preprint arXiv:1611.07476},
  year={2016}
}

@article{mitliagkas2016asynchrony,
  title={Asynchrony begets momentum, with an application to deep learning},
  author={Mitliagkas, Ioannis and Zhang, Ce and Hadjis, Stefan and R{\'e}, Christopher},
  journal={arXiv preprint arXiv:1605.09774},
  year={2016}
}

@article{hadjis2016omnivore,
  title={Omnivore: An optimizer for multi-device deep learning on cpus and gpus},
  author={Hadjis, Stefan and Zhang, Ce and Mitliagkas, Ioannis and Iter, Dan and R{\'e}, Christopher},
  journal={arXiv preprint arXiv:1606.04487},
  year={2016}
}

@article{chen2016revisiting,
  title={Revisiting distributed synchronous SGD},
  author={Chen, Jianmin and Monga, Rajat and Bengio, Samy and Jozefowicz, Rafal},
  journal={arXiv preprint arXiv:1604.00981},
  year={2016}
}

@incollection{bengio2012practical,
  title={Practical recommendations for gradient-based training of deep architectures},
  author={Bengio, Yoshua},
  booktitle={Neural networks: Tricks of the trade},
  pages={437--478},
  year={2012},
  publisher={Springer}
}

@inproceedings{leen1994optimal,
  title={Optimal stochastic search and adaptive momentum},
  author={Leen, Todd K and Orr, Genevieve B},
  booktitle={Advances in neural information processing systems},
  pages={477--484},
  year={1994}
}

@inproceedings{graepel2002stable,
  title={Stable adaptive momentum for rapid online learning in nonlinear systems},
  author={Graepel, Thore and Schraudolph, Nicol N},
  booktitle={International Conference on Artificial Neural Networks},
  pages={450--455},
  year={2002},
  organization={Springer}
}

@inproceedings{rehman2011effect,
  title={The effect of adaptive momentum in improving the accuracy of gradient descent back propagation algorithm on classification problems},
  author={Rehman, Mohammad Zubair and Nawi, Nazri Mohd},
  booktitle={International Conference on Software Engineering and Computer Systems},
  pages={380--390},
  year={2011},
  organization={Springer}
}

@article{hameed2016back,
  title={Back-propagation algorithm with variable adaptive momentum},
  author={Hameed, Alaa Ali and Karlik, Bekir and Salman, Mohammad Shukri},
  journal={Knowledge-Based Systems},
  volume={114},
  pages={79--87},
  year={2016},
  publisher={Elsevier}
}

@article{swanston1994simple,
  title={Simple adaptive momentum: new algorithm for training multilayer perceptrons},
  author={Swanston, DJ and Bishop, JM and Mitchell, Richard James},
  journal={Electronics Letters},
  volume={30},
  number={18},
  pages={1498--1500},
  year={1994},
  publisher={IET}
}

@article{qiu1992accelerated,
  title={Accelerated training of backpropagation networks by using adaptive momentum step},
  author={Qiu, G and Varley, MR and Terrell, TJ},
  journal={Electronics letters},
  volume={28},
  number={4},
  pages={377--379},
  year={1992},
  publisher={IET}
}

@inproceedings{ampazis2000levenberg,
  title={Levenberg-Marquardt algorithm with adaptive momentum for the efficient training of feedforward networks},
  author={Ampazis, Nikolaos and Perantonis, Stavros J},
  booktitle={Neural Networks, 2000. IJCNN 2000, Proceedings of the IEEE-INNS-ENNS International Joint Conference on},
  volume={1},
  pages={126--131},
  year={2000},
  organization={IEEE}
}

@inproceedings{krizhevsky2012imagenet,
  title={Imagenet classification with deep convolutional neural networks},
  author={Krizhevsky, Alex and Sutskever, Ilya and Hinton, Geoffrey E},
  booktitle={Advances in neural information processing systems},
  pages={1097--1105},
  year={2012}
}

@inproceedings{dean2012large,
  title={Large scale distributed deep networks},
  author={Dean, Jeffrey and Corrado, Greg and Monga, Rajat and Chen, Kai and Devin, Matthieu and Mao, Mark and Senior, Andrew and Tucker, Paul and Yang, Ke and Le, Quoc V and others},
  booktitle={Advances in neural information processing systems},
  pages={1223--1231},
  year={2012}
}

@article{martens2012estimating,
  title={Estimating the hessian by back-propagating curvature},
  author={Martens, James and Sutskever, Ilya and Swersky, Kevin},
  journal={arXiv preprint arXiv:1206.6464},
  year={2012}
}

@article{pascanu2013revisiting,
  title={Revisiting natural gradient for deep networks},
  author={Pascanu, Razvan and Bengio, Yoshua},
  journal={arXiv preprint arXiv:1301.3584},
  year={2013}
}

@article{schaul2013no,
  title={No more pesky learning rates.},
  author={Schaul, Tom and Zhang, Sixin and LeCun, Yann},
  journal={ICML (3)},
  volume={28},
  pages={343--351},
  year={2013}
}

@online{johnfisherinfo2016,
  title={Fisher information.},
  author={Duchi, John},
  url = {https://web.stanford.edu/class/stats311/Lectures/lec-09.pdf},
  year={2016}
}

@inproceedings{chilimbi2014project,
  title={Project Adam: Building an Efficient and Scalable Deep Learning Training System.},
  author={Chilimbi, Trishul M and Suzue, Yutaka and Apacible, Johnson and Kalyanaraman, Karthik},
  booktitle={OSDI},
  volume={14},
  pages={571--582},
  year={2014}
}

@inproceedings{he2016deep,
  title={Deep residual learning for image recognition},
  author={He, Kaiming and Zhang, Xiangyu and Ren, Shaoqing and Sun, Jian},
  booktitle={Proceedings of the IEEE Conference on Computer Vision and Pattern Recognition},
  pages={770--778},
  year={2016}
}

@article{abadi2016tensorflow,
  title={Tensorflow: Large-scale machine learning on heterogeneous distributed systems},
  author={Abadi, Mart{\'\i}n and Agarwal, Ashish and Barham, Paul and Brevdo, Eugene and Chen, Zhifeng and Citro, Craig and Corrado, Greg S and Davis, Andy and Dean, Jeffrey and Devin, Matthieu and others},
  journal={arXiv preprint arXiv:1603.04467},
  year={2016}
}

@online{tfmodel2017,
  title={Tensorflow Models.},
  url = {https://web.stanford.edu/class/stats311/Lectures/lec-09.pdf},
  year={2016}
}

@inproceedings{flammarion2015averaging,
  title={From averaging to acceleration, there is only a step-size},
  author={Flammarion, Nicolas and Bach, Francis},
  booktitle={Conference on Learning Theory},
  pages={658--695},
  year={2015}
}

@article{goh2017why,
  author = {Goh, Gabriel},
  title = {Why Momentum Really Works},
  journal = {Distill},
  year = {2017},
  url = {http://distill.pub/2017/momentum},
  doi = {10.23915/distill.00006}
}

@inproceedings{recht2011hogwild,
  title={Hogwild: A lock-free approach to parallelizing stochastic gradient descent},
  author={Niu, Feng and Recht, Benjamin and Re, Christopher and Wright, Stephen},
  booktitle={Advances in Neural Information Processing Systems},
  pages={693--701},
  year={2011}
}

@article{bergstra2012random,
  title={Random search for hyper-parameter optimization},
  author={Bergstra, James and Bengio, Yoshua},
  journal={Journal of Machine Learning Research},
  volume={13},
  number={Feb},
  pages={281--305},
  year={2012}
}

@inproceedings{snoek2012practical,
  title={Practical bayesian optimization of machine learning algorithms},
  author={Snoek, Jasper and Larochelle, Hugo and Adams, Ryan P},
  booktitle={Advances in neural information processing systems},
  pages={2951--2959},
  year={2012}
}

@article{tieleman2012lecture,
  title={Lecture 6.5-rmsprop: Divide the gradient by a running average of its recent magnitude},
  author={Tieleman, Tijmen and Hinton, Geoffrey},
  journal={COURSERA: Neural networks for machine learning},
  volume={4},
  number={2},
  year={2012}
}


@article{martens2012estimating,
  title={Estimating the hessian by back-propagating curvature},
  author={Martens, James and Sutskever, Ilya and Swersky, Kevin},
  journal={arXiv preprint arXiv:1206.6464},
  year={2012}
}

@article{marcus1993building,
  title={Building a large annotated corpus of English: The Penn Treebank},
  author={Marcus, Mitchell P and Marcinkiewicz, Mary Ann and Santorini, Beatrice},
  journal={Computational linguistics},
  volume={19},
  number={2},
  pages={313--330},
  year={1993},
  publisher={MIT Press}
}

@misc{krizhevsky2014cifar,
  title={The CIFAR-10 dataset},
  author={Krizhevsky, Alex and Nair, Vinod and Hinton, Geoffrey},
  journal={2013-11-14]. http://www. cs. toronto. edu/\~{} kriz/cifar. html},
  year={2014}
}

@article{duchi2011adaptive,
  title={Adaptive subgradient methods for online learning and stochastic optimization},
  author={Duchi, John and Hazan, Elad and Singer, Yoram},
  journal={Journal of Machine Learning Research},
  volume={12},
  number={Jul},
  pages={2121--2159},
  year={2011}
}

@book{nesterov2013introductory,
  title={Introductory lectures on convex optimization: A basic course},
  author={Nesterov, Yurii},
  volume={87},
  year={2013},
  publisher={Springer Science \& Business Media}
}

@article{polyak1987introduction,
  title={Introduction to optimization. Translations series in mathematics and engineering},
  author={Polyak, Boris T},
  journal={Optimization Software},
  year={1987}
}

@book{orr2003neural,
  title={Neural networks: tricks of the trade},
  author={Orr, Genevieve B and M{\"u}ller, Klaus-Robert},
  year={2003},
  publisher={Springer}
}


@article{bengio2012deep,
  title={Deep learning of representations for unsupervised and transfer learning.},
  author={Bengio, Yoshua and others},
  journal={ICML Unsupervised and Transfer Learning},
  volume={27},
  pages={17--36},
  year={2012}
}

@incollection{bottou2012stochastic,
  title={Stochastic gradient descent tricks},
  author={Bottou, L{\'e}on},
  booktitle={Neural networks: Tricks of the trade},
  pages={421--436},
  year={2012},
  publisher={Springer}
}

@article{lessard2016analysis,
  title={Analysis and design of optimization algorithms via integral quadratic constraints},
  author={Lessard, Laurent and Recht, Benjamin and Packard, Andrew},
  journal={SIAM Journal on Optimization},
  volume={26},
  number={1},
  pages={57--95},
  year={2016},
  publisher={SIAM}
}

@article{wilson2017marginal,
  title={The Marginal Value of Adaptive Gradient Methods in Machine Learning},
  author={Wilson, Ashia C and Roelofs, Rebecca and Stern, Mitchell and Srebro, Nathan and Recht, Benjamin},
  journal={arXiv preprint arXiv:1705.08292},
  year={2017}
}

@article{karpathy2015visualizing,
  title={Visualizing and understanding recurrent networks},
  author={Karpathy, Andrej and Johnson, Justin and Fei-Fei, Li},
  journal={arXiv preprint arXiv:1506.02078},
  year={2015}
}

@article{charniakparsing,
  title={Parsing as Language Modeling},
  author={Choe, Do Kook and Charniak, Eugene}
  journal={EMNLP 2016},
  pages={1},
  year={2016}
}

@online{zhang2017yellowfin_tensorflow,
  title={Yellow{F}in, {T}ensor{F}low implementation},
  author={Zhang, Jian and Mitliagkas, Ioannis  and R{\'e}, Christopher},
  url = {https://github.com/JianGoForIt/YellowFin},
  year={2017}
}