@incollection{Bengio+chapter2007,
author = {Bengio, Yoshua and LeCun, Yann},
booktitle = {Large Scale Kernel Machines},
publisher = {MIT Press},
title = {Scaling Learning Algorithms Towards {AI}},
year = {2007}
}

@article{Hinton06,
author = {Hinton, Geoffrey E. and Osindero, Simon and Teh, Yee Whye},
journal = {Neural Computation},
pages = {1527--1554},
title = {A Fast Learning Algorithm for Deep Belief Nets},
volume = {18},
year = {2006}
}

@article{szegedy2013intriguing,
  title={Intriguing properties of neural networks},
  author={Szegedy, Christian and Zaremba, Wojciech and Sutskever, Ilya and Bruna, Joan and Erhan, Dumitru and Goodfellow, Ian and Fergus, Rob},
  journal={arXiv preprint arXiv:1312.6199},
  year={2013}
}

@article{gehring2017convolutional,
  title={Convolutional Sequence to Sequence Learning},
  author={Gehring, Jonas and Auli, Michael and Grangier, David and Yarats, Denis and Dauphin, Yann N},
  journal={arXiv preprint arXiv:1705.03122},
  year={2017}
}

@book{Goodfellow-et-al-2016,
    title={Deep Learning},
    author={Ian Goodfellow and Yoshua Bengio and Aaron Courville},
    publisher={MIT Press},
    note={\url{http://www.deeplearningbook.org}},
    year={2016}
}

@inproceedings{pascanu2013difficulty,
  title={On the difficulty of training recurrent neural networks},
  author={Pascanu, Razvan and Mikolov, Tomas and Bengio, Yoshua},
  booktitle={International Conference on Machine Learning},
  pages={1310--1318},
  year={2013}
}

@article{zhu2016trained,
  title={Trained ternary quantization},
  author={Zhu, Chenzhuo and Han, Song and Mao, Huizi and Dally, William J},
  journal={arXiv preprint arXiv:1612.01064},
  year={2016}
}


@article{kurth2017deep,
  title={Deep Learning at 15PF: Supervised and Semi-Supervised Classification for Scientific Data},
  author={Kurth, Thorsten and Zhang, Jian and Satish, Nadathur and Mitliagkas, Ioannis and Racah, Evan and Patwary, Mostofa Ali and Malas, Tareq and Sundaram, Narayanan and Bhimji, Wahid and Smorkalov, Mikhail and others},
  journal={arXiv preprint arXiv:1708.05256},
  year={2017}
}

@inproceedings{socher2013recursive,
  title={Recursive deep models for semantic compositionality over a sentiment treebank},
  author={Socher, Richard and Perelygin, Alex and Wu, Jean and Chuang, Jason and Manning, Christopher D and Ng, Andrew and Potts, Christopher},
  booktitle={Proceedings of the 2013 conference on empirical methods in natural language processing},
  pages={1631--1642},
  year={2013}
}

@article{chen2016thorough,
  title={A thorough examination of the cnn/daily mail reading comprehension task},
  author={Chen, Danqi and Bolton, Jason and Manning, Christopher D},
  journal={arXiv preprint arXiv:1606.02858},
  year={2016}
}